@software{anoma-geb,
author = {Heliax AG},
license = {MIT},
title = {{Geb Lisp Implementation}},
url = {https://github.com/anoma/geb/},
year = {2023}
}

@software{anoma-vampir,
author = {Heliax AG},
license = {MIT},
title = {{VampIR Rust Implementation}},
url = {https://github.com/anoma/vamp-ir/},
year = {2023}
}

@software{anoma-juvix,
author = {Heliax AG},
license = {MIT},
title = {{Juvix Haskell Compiler}},
url = {https://github.com/anoma/juvix/},
year = {2023}
}

@book{basic-proof-theory,
	author = {A.S. Troelstra and H. Schwichtenberg},
	publisher = {Cambridge University Press},
	title = {Basic Proof Theory},
	year = {1996}}

@book{lectures-curry-howard-isomorphism,
	author = {M. H. S{\o}rensen and P. Urzyczyn},
	publisher = {Elsevier},
	title = {Lectures on the Curry-Howard Isomorphism},
	year = {2006}}
